
	<record>
		<leader>x24</leader>
		<controlfield tag="001">x24</controlfield>
		<datafield ind1=" " ind2=" " tag="013">
			<subfield code="a">9780007191154</subfield>
			<subfield code="d">30.00 euro</subfield>
		</datafield>
		<datafield ind1="|" ind2=" " tag="101">
			<subfield code="a">English</subfield>
		</datafield>
		<datafield ind1="|" ind2=" " tag="200">
			<subfield code="a">Death on the Nil</subfield>
			<subfield code="b">[read text]</subfield>
			<subfield code="f">Agatha Christie</subfield>
			<subfield code="g">narrated by David Suchet</subfield>
		</datafield>
		<datafield ind1=" " ind2=" " tag="210">
			<subfield code="c">HarperCollins Publishers</subfield>
			<subfield code="d">2004</subfield>
		</datafield>
		<datafield ind1=" " ind2=" " tag="215">
			<subfield code="a">7 CD (approx. 8h30)</subfield>
			<subfield code="d">14 x 13 cm</subfield>
		</datafield>
		<datafield ind1=" " ind2="1" tag="700">
			<subfield code="3">pauth-018</subfield>
			<subfield code="a">Christie</subfield>
			<subfield code="b">Agatha</subfield>
		</datafield>
		<datafield ind1=" " ind2="1" tag="702">
			<subfield code="3">pauth-019</subfield>
			<subfield code="a">Suchet</subfield>
			<subfield code="b">David</subfield>
		</datafield>
	</record>