
	<record>
		<leader>x14</leader>
		<controlfield tag="001">x14</controlfield>
		<datafield ind1=" " ind2=" " tag="010">
			<subfield code="a">3319035746</subfield>
		</datafield>
		<datafield ind1=" " ind2=" " tag="012">
			<subfield code="a">doi:10.1007/978-3-319-03575-8</subfield>
		</datafield>
		<datafield ind1=" " ind2=" " tag="101">
			<subfield code="a">English</subfield>
		</datafield>
		<datafield ind1=" " ind2=" " tag="200">
			<subfield code="a">Emerging trends in drug use and distribution</subfield>
			<subfield code="b">[publication]</subfield>
			<subfield code="f">David N. Khey</subfield>
			<subfield code="f">John Stogner</subfield>
			<subfield code="f">Bryan Lee Miller</subfield>
		</datafield>
		<datafield ind1=" " ind2=" " tag="210">
			<subfield code="a">Cham</subfield>
			<subfield code="a">Heidelberg</subfield>
			<subfield code="a">New York</subfield>
			<subfield code="c">Springer</subfield>
			<subfield code="d">2014</subfield>
		</datafield>
		<datafield ind1=" " ind2=" " tag="215">
			<subfield code="a">99 pages</subfield>
		</datafield>
		<datafield ind1=" " ind2=" " tag="225">
			<subfield code="a">Springer briefs in criminology</subfield>
			<subfield code="v">12</subfield>
		</datafield>
		<datafield ind1=" " ind2=" " tag="330">
			<subfield code="a">This Brief explores emerging trends in drug use and distribution. This timely Brief examines recent examples of emerging drugs including salvia (from the plant Salvia divinorum), bath salts (and other synthetic stimulants) and so-called research chemicals (primarily substituted phenethylamines, synthetic cousins of ecstasy), which have tended to receive brief levels of high intensity media coverage that may or may not reflect an actual increase in their usage.</subfield>
		</datafield>
		<datafield ind1=" " ind2=" " tag="410">
			<subfield code="3">colauth-002</subfield>
			<subfield code="a">Springer briefs in criminology</subfield>
		</datafield>
		<datafield ind1=" " ind2=" " tag="700">
			<subfield code="3">pauth-011</subfield>
			<subfield code="a">Khey</subfield>
			<subfield code="b">David N.</subfield>
		</datafield>
		<datafield ind1=" " ind2=" " tag="700">
			<subfield code="3">pauth-012</subfield>
			<subfield code="a">Stogner</subfield>
			<subfield code="b">John</subfield>
		</datafield>
		<datafield ind1=" " ind2=" " tag="700">
			<subfield code="3">pauth-013</subfield>
			<subfield code="a">Miller</subfield>
			<subfield code="b">Bryan Lee</subfield>
		</datafield>
		<datafield ind1=" " ind2=" " tag="606">
			<subfield code="3">subauth-002</subfield>
			<subfield code="a">Psychotropic Drugs</subfield>
		</datafield>
		<datafield ind1=" " ind2=" " tag="606">
			<subfield code="3">subauth-003</subfield>
			<subfield code="a">Substance-Related Disorders</subfield>
		</datafield>
		<datafield ind1=" " ind2=" " tag="606">
			<subfield code="3">subauth-004</subfield>
			<subfield code="a">Marketing</subfield>
		</datafield>
		<datafield ind1=" " ind2=" " tag="606">
			<subfield code="3">subauth-005</subfield>
			<subfield code="a">Street Drugs</subfield>
		</datafield>
		<datafield ind1=" " ind2=" " tag="607">
			<subfield code="3">plauth-005</subfield>
			<subfield code="a">United States</subfield>
		</datafield>
	</record>