
	<record>
		<leader>x18</leader>
		<controlfield tag="001">x18</controlfield>
		<datafield ind1=" " ind2=" " tag="010">
			<subfield code="a">978-1-4088-5571-3</subfield>
		</datafield>
		<datafield ind1="1" ind2=" " tag="200">
			<subfield code="a">Harry Potter and the Deathly Hallows</subfield>
			<subfield code="b">[publication]</subfield>
			<subfield code="f">J.K. Rowling</subfield>
		</datafield>
		<datafield ind1=" " ind2=" " tag="210">
			<subfield code="a">London</subfield>
			<subfield code="c">Bloomsbury</subfield>
			<subfield code="d">2014</subfield>
		</datafield>
		<datafield ind1=" " ind2=" " tag="215">
			<subfield code="a">1 volume (619 pages)</subfield>
			<subfield code="c">Cover with colorful illustrations</subfield>
			<subfield code="d">20 cm</subfield>
		</datafield>
		<datafield ind1="0" ind2=" " tag="225">
			<subfield code="a">Harry Potter series</subfield>
			<subfield code="v">7</subfield>
		</datafield>
		<datafield ind1="0" ind2=" " tag="410">
			<subfield code="3">colauth-003</subfield>
			<subfield code="a">Harry Potter series</subfield>
		</datafield>
		<datafield ind1=" " ind2="1" tag="700">
			<subfield code="3">pauth-014</subfield>
			<subfield code="a">Rowling</subfield>
			<subfield code="b">Joanne Kathleen</subfield>
			<subfield code="f">1965-....</subfield>
		</datafield>
	</record>