
	<record>
		<leader>x21</leader>
		<controlfield tag="001">x21</controlfield>
		<datafield ind1=" " ind2=" " tag="013">
			<subfield code="a">9780142429181</subfield>
			<subfield code="d">20 euro</subfield>
		</datafield>
		<datafield ind1="|" ind2=" " tag="101">
			<subfield code="a">English</subfield>
		</datafield>
		<datafield ind1="|" ind2=" " tag="200">
			<subfield code="a">Of mice and men</subfield>
			<subfield code="b">[read text]</subfield>
			<subfield code="f">John Steinbeck</subfield>
			<subfield code="g">narrated by Gary Sinise</subfield>
		</datafield>
		<datafield ind1=" " ind2=" " tag="210">
			<subfield code="c">Penguin</subfield>
			<subfield code="d">1992</subfield>
		</datafield>
		<datafield ind1=" " ind2=" " tag="215">
			<subfield code="a">3 CD (21h30)</subfield>
			<subfield code="c">housing with illustrations</subfield>
			<subfield code="d">14 x 13 cm</subfield>
			<subfield code="e">book</subfield>
		</datafield>
		<datafield ind1=" " ind2="1" tag="700">
			<subfield code="3">pauth-016</subfield>
			<subfield code="a">Steinbeck</subfield>
			<subfield code="b">John</subfield>
		</datafield>
		<datafield ind1=" " ind2="1" tag="702">
			<subfield code="3">pauth-017</subfield>
			<subfield code="a">Sinise</subfield>
			<subfield code="b">Gary</subfield>
		</datafield>
	</record>