
	<record>
		<leader>xx8</leader>
		<controlfield tag="001">xx8</controlfield>
		<datafield ind1=" " ind2=" " tag="010">
			<subfield code="a">978-2-0812-0963-3</subfield>
			<subfield code="d">2,70 euro</subfield>
		</datafield>
		<datafield ind1="1" ind2=" " tag="101">
			<subfield code="a">French</subfield>
		</datafield>
		<datafield ind1="1" ind2=" " tag="200">
			<subfield code="a">Roman de Renart (Le)</subfield>
			<subfield code="b">[publication]</subfield>
			<subfield code="f">directed by Christian Keime</subfield>
			<subfield code="g">adaptation by Monique Lachet-Lagarde</subfield>
		</datafield>
		<datafield ind1=" " ind2=" " tag="210">
			<subfield code="a">Paris</subfield>
			<subfield code="c">Flammarion</subfield>
			<subfield code="d">2008</subfield>
		</datafield>
		<datafield ind1=" " ind2=" " tag="215">
			<subfield code="a">159 pages</subfield>
			<subfield code="c">Illustrations, cover with colorful illustrations</subfield>
			<subfield code="d">18 cm</subfield>
		</datafield>
		<datafield ind1="|" ind2=" " tag="225">
			<subfield code="a">Etonnants classiques</subfield>
			<subfield code="h">335</subfield>
		</datafield>
		<datafield ind1=" " ind2="0" tag="410">
			<subfield code="3">colauth-007</subfield>
			<subfield code="t">Etonnants classiques</subfield>
		</datafield>
		<datafield ind1="1" ind2="1" tag="500">
			<subfield code="3">tauth-001</subfield>
			<subfield code="a">Roman de Renart</subfield>
			<subfield code="m">french</subfield>
			<subfield code="k">2008</subfield>
		</datafield>
		<datafield ind1=" " ind2="1" tag="700">
			<subfield code="3">pauth-005</subfield>
			<subfield code="a">Keime</subfield>
			<subfield code="b">Christian</subfield>
		</datafield>
		<datafield ind1=" " ind2="1" tag="701">
			<subfield code="3">pauth-006</subfield>
			<subfield code="a">Lachet-Lagarde</subfield>
			<subfield code="b">Monique</subfield>
		</datafield>
	</record>