
	<record>
		<leader>x30</leader>
		<controlfield tag="001">x30</controlfield>
		<datafield ind1=" " ind2=" " tag="010">
			<subfield code="a">978-2205-06038-6</subfield>
			<subfield code="d">20.50 EUR</subfield>
		</datafield>
		<datafield ind1=" " ind2="1" tag="073">
			<subfield code="a">9782205060386</subfield>
		</datafield>
		<datafield ind1="|" ind2=" " tag="101">
			<subfield code="a">French</subfield>
		</datafield>
		<datafield ind1="1" ind2=" " tag="200">
			<subfield code="a">Valerian et Laureline</subfield>
			<subfield code="e">l'integrale</subfield>
			<subfield code="b">[print]</subfield>
			<subfield code="f">Pierre Christin</subfield>
			<subfield code="f">Jean-Claude Mezieres</subfield>
		</datafield>
		<datafield ind1=" " ind2=" " tag="210">
			<subfield code="a">Paris</subfield>
			<subfield code="c">Dargaud</subfield>
			<subfield code="d">2012</subfield>
		</datafield>
		<datafield ind1=" " ind2=" " tag="215">
			<subfield code="a">1 volume (164 pages)</subfield>
			<subfield code="c">Colorful illustrations, cover with colorful illustrations</subfield>
			<subfield code="d">30 cm</subfield>
		</datafield>
		<datafield ind1=" " ind2="1" tag="700">
			<subfield code="3">pauth-021</subfield>
			<subfield code="a">Mezieres</subfield>
			<subfield code="b">Jean-Claude</subfield>
		</datafield>
		<datafield ind1=" " ind2="1" tag="701">
			<subfield code="3">pauth-020</subfield>
			<subfield code="a">Christin</subfield>
			<subfield code="b">Pierre</subfield>
		</datafield>
	</record>