
	<record>
		<leader>xx1</leader>
		<controlfield tag="001">xx1</controlfield>
		<datafield ind1=" " ind2=" " tag="010">
			<subfield code="a">978-0-439-79664-4</subfield>
			<subfield code="d">8.00 euro</subfield>
		</datafield>
		<datafield ind1="|" ind2=" " tag="101">
			<subfield code="a">English</subfield>
		</datafield>
		<datafield ind1="|" ind2=" " tag="200">
			<subfield code="a">War horse</subfield>
			<subfield code="b">[publication]</subfield>
			<subfield code="f">Michael Morpurgo</subfield>
		</datafield>
		<datafield ind1=" " ind2=" " tag="210">
			<subfield code="c">Scholastic Ltd</subfield>
			<subfield code="d">2010</subfield>
		</datafield>
		<datafield ind1=" " ind2=" " tag="215">
			<subfield code="a">165 pages</subfield>
			<subfield code="d">18 cm</subfield>
		</datafield>
		<datafield ind1=" " ind2=" " tag="330">
			<subfield code="a">World War I has started and the military needs horses to move equipment, charge the enemy, and carry wounded soldiers off the battlefield. Joey, a farm horse is sold to the Army. Joey misses the farmer's son, Albert, and spends the war years wondering if the war will ever end and if he will ever see Albert again.</subfield>
		</datafield>
		<datafield ind1=" " ind2="1" tag="700">
			<subfield code="3">pauth-001</subfield>
			<subfield code="a">Morpurgo</subfield>
			<subfield code="b">Michael</subfield>
		</datafield>
	</record>